<?xml version="1.0" encoding="UTF-8"?><record xmlns="http://www.loc.gov/MARC21/slim" xmlns:cinclude="http://apache.org/cocoon/include/1.0" xmlns:zs="http://www.loc.gov/zing/srw/">
  <leader>00662cz  a2200157n  4500</leader>
  <controlfield tag="001">nb2007002126</controlfield>
  <controlfield tag="003">DLC</controlfield>
  <controlfield tag="005">20070308075129.0</controlfield>
  <controlfield tag="008">070122n| acannaabn          |a ana      </controlfield>
  <datafield tag="010" ind1=" " ind2=" ">
    <subfield code="a">nb2007002126</subfield>
  </datafield>
  <datafield tag="035" ind1=" " ind2=" ">
    <subfield code="a">(Uk)006699884</subfield>
  </datafield>
  <datafield tag="040" ind1=" " ind2=" ">
    <subfield code="a">Uk</subfield>
    <subfield code="b">eng</subfield>
    <subfield code="c">Uk</subfield>
    <subfield code="d">Uk</subfield>
  </datafield>
  <datafield tag="110" ind1="2" ind2=" ">
    <subfield code="a">Scottish Freshwater Fisheries Committee</subfield>
  </datafield>
  <datafield tag="410" ind1="1" ind2=" ">
    <subfield code="a">Great Britain.</subfield>
    <subfield code="b">Scottish Freshwater Fisheries Committee</subfield>
  </datafield>
  <datafield tag="670" ind1=" " ind2=" ">
    <subfield code="a">Interim Report (Second Interim Report) by the Scottish Freshwater Fisheries Committee, etc</subfield>
  </datafield>
  <datafield tag="670" ind1=" " ind2=" ">
    <subfield code="a">BL auth. file, 22 Jan. 2007</subfield>
    <subfield code="b">(hdg.: Great Britain. Scottish Freshwater Fisheries Committee; ref.: Great Britain. Scottish Office. Scottish Freshwater Fisheries Committee)</subfield>
  </datafield>
</record>